<?xml version="1.0" encoding="utf-8"?>
<record xmlns="http://www.loc.gov/MARC21/slim" xmlns:xsi="http://www.w3.org/2001/XMLSchema-instance" xsi:schemaLocation="http://www.loc.gov/MARC21/slim http://www.loc.gov/standards/marcxml/schema/MARC21slim.xsd">
	<leader>     nam a22        4500</leader>
	<controlfield tag="001">001150112</controlfield>
	<controlfield tag="003">NNU</controlfield>
	<controlfield tag="006">m        d        </controlfield>
	<controlfield tag="007">cr cn |||m|||a</controlfield>
	<controlfield tag="008">150626m19231955ua      o     000 0 ara d</controlfield>
	<datafield ind1=" " ind2=" " tag="040">
		<subfield code="a">NNU</subfield>
		<subfield code="b">eng</subfield>
		<subfield code="c">NNU</subfield>
	</datafield>
	<datafield ind1=" " ind2="4" tag="050">
		<subfield code="a">AE90.A7</subfield>
		<subfield code="b">N8</subfield>
	</datafield>
	<datafield ind1="1" ind2=" " tag="100">
		<subfield code="6">880-01</subfield>
		<subfield code="a">Nuwayrī, Aḥmad ibn ʻAbd al-Wahhāb,</subfield>
		<subfield code="d">1279-1333.</subfield>
	</datafield>
	<datafield ind1="1" ind2="0" tag="245">
		<subfield code="6">880-02</subfield>
		<subfield code="a">Nihāyat al-Arab fī funūn al-adāb</subfield>
		<subfield code="h">[electronic resource] /</subfield>
		<subfield code="c">taʼlīf Shahāb al-Dīn Aḥmad ibn ʻAbd al-Wahhāb al-Nuwayrī.</subfield>
	</datafield>
	<datafield ind1=" " ind2=" " tag="260">
		<subfield code="6">880-03</subfield>
		<subfield code="a">al-Qāhirah :</subfield>
		<subfield code="b">Dār al-Kutub al-Miṣrīyah,</subfield>
		<subfield code="c">1923-1955</subfield>
	</datafield>
	<datafield ind1=" " ind2=" " tag="300">
		<subfield code="a">online resource (18 v. in 16)</subfield>
	</datafield>
	<datafield ind1=" " ind2=" " tag="500">
		<subfield code="a">A cyclopedia of learning</subfield>
	</datafield>
	<datafield ind1=" " ind2=" " tag="500">
		<subfield code="a">Part of the Arabic Collections Online (ACO) project, contributed by New York Univeristy Libraries.</subfield>
	</datafield>
	<datafield ind1=" " ind2=" " tag="533">
		<subfield code="a">Electronic reproduction.</subfield>
		<subfield code="b">New York, N.Y. :</subfield>
		<subfield code="c">New York University,</subfield>
		<subfield code="d">2015.</subfield>
		<subfield code="5">NNU</subfield>
	</datafield>
	<datafield ind1=" " ind2="0" tag="650">
		<subfield code="a">Encyclopedias and dictionaries</subfield>
		<subfield code="v">Early works to 1600.</subfield>
	</datafield>
	<datafield ind1=" " ind2="0" tag="650">
		<subfield code="a">Encyclopedias and dictionaries, Arabic.</subfield>
	</datafield>
	<datafield ind1=" " ind2="0" tag="650">
		<subfield code="a">Arabic literature</subfield>
		<subfield code="x">History and criticism.</subfield>
	</datafield>
	<datafield ind1="2" ind2=" " tag="710">
		<subfield code="a">New York University.</subfield>
		<subfield code="b">Libraries.</subfield>
	</datafield>
	<datafield ind1="0" ind2=" " tag="730">
		<subfield code="a">Arabic Collections Online.</subfield>
	</datafield>
	<datafield ind1="0" ind2="8" tag="776">
		<subfield code="i">Print version:</subfield>
		<subfield code="a">Nuwayrī, Aḥmad ibn ʻAbd al-Wahhāb, 1279-1333.</subfield>
		<subfield code="t">Nihāyat al-Arab fī funūn al-adāb</subfield>
		<subfield code="w">(NNU)001150112</subfield>
	</datafield>
	<datafield ind1="4" ind2="0" tag="856">
		<subfield code="u">http://hdl.handle.net/2333.1/1jwstt2k</subfield>
	</datafield>
	<datafield ind1="0" ind2=" " tag="880">
		<subfield code="6">100-01/</subfield>
		<subfield code="a">احمد بن عبد الوهاب النويرى.</subfield>
	</datafield>
	<datafield ind1="1" ind2="0" tag="880">
		<subfield code="6">245-02/</subfield>
		<subfield code="a">نهاية الارب فى فنون الادب /</subfield>
		<subfield code="c">تاليف شهاب الدين احمد بن عبد الوهاب النويرى.</subfield>
	</datafield>
	<datafield ind1=" " ind2=" " tag="880">
		<subfield code="6">260-03/</subfield>
		<subfield code="a">القاهرة ؛</subfield>
		<subfield code="b">دار الكتب المصرية،</subfield>
		<subfield code="c">1923-1955.</subfield>
	</datafield>
	<datafield ind1=" " ind2=" " tag="959">
		<subfield code="a">NNU</subfield>
		<subfield code="b">WEB</subfield>
		<subfield code="c">GENI</subfield>
		<subfield code="t">0</subfield>
		<subfield code="m">Electronic access</subfield>
		<subfield code="s">01</subfield>
	</datafield>
	<datafield ind1=" " ind2=" " tag="999">
		<subfield code="i">NNU_001150112</subfield>
		<subfield code="s">nyu_aco001015:v.1</subfield>
		<subfield code="s">nyu_aco001016:v.2</subfield>
		<subfield code="s">nyu_aco001017:v.3/4</subfield>
		<subfield code="s">nyu_aco001018:v.5/6</subfield>
		<subfield code="s">nyu_aco001019:v.7/8</subfield>
		<subfield code="s">nyu_aco001020:v.9/10</subfield>
		<subfield code="s">nyu_aco001021:v.11/12</subfield>
		<subfield code="s">nyu_aco001022:v.13/14</subfield>
		<subfield code="s">nyu_aco001023:v.15/16</subfield>
		<subfield code="s">nyu_aco001024:v.17/18</subfield>
	</datafield>
</record>
